% This file was created with JabRef 2.10.
% Encoding: UTF8


@Booklet{bib4,
  Title                    = {Тайтл},
  Author                   = {Авторбуклейта},

  Crossref                 = {1},
  Doi                      = {111},
  Keywords                 = {1},
  Language                 = {russian},
  Owner                    = {root}
}

@Book{bib202,
  Title                    = {Dictionnairie de l’informatique},
  Author                   = {Le Garf A},
  Publisher                = {Paris: Presses Universitaires de France},
  Year                     = {1982},

  Language                 = {english},
  Owner                    = {root},
  Timestamp                = {2014.03.27}
}

@Article{bib5,
  Title                    = {This is english article},
  Author                   = {Author1 and Author2 and Author3 and Author4},
  Journal                  = {Journal},
  Year                     = {2012},
  Number                   = {777},
  Pages                    = {200},
  Volume                   = {2},

  __markedentry            = {[root:5]},
  Language                 = {english}
}

@Electronic{1,
  Title                    = {tittle},
  Author                   = {Oww},
  Language                 = {english},
  Url                      = {http://google.com/},

  Owner                    = {root},
  Timestamp                = {2014.03.25}
}

@Book{bib207,
  Title                    = {Информатика в перспективе: к вопросу о классификации видов информации и системе наук коммуникационного цикла. // Научно-техническая информация},
  Author                   = {Соколов А.В. and Манкевич А.И.},
  Year                     = {1971},
  Number                   = {2},
  Series                   = {10},

  Language                 = {russian},
  Owner                    = {root},
  Timestamp                = {2014.03.27}
}

@Book{bib204,
  Title                    = {Основы информатики},
  Author                   = {Михайлов А.И. and Черный А.И. and Гиляревский Р.С.},
  Publisher                = {М.: Наука},
  Year                     = {1968},

  Language                 = {russian},
  Owner                    = {root},
  Timestamp                = {2014.03.27}
}

@Book{bib10,
  Title                    = {Название},
  Author                   = {Автоор},

  Language                 = {russian},
  Owner                    = {root},
  Timestamp                = {2014.03.25}
}

@Book{bib2,
  Title                    = {Назва},
  Author                   = {Автор},
  Editor                   = {Редактор},
  Publisher                = {Издательтво},
  Year                     = {2012},

  Language                 = {russian}
}

@Conference{bib3,
  Title                    = {тайтл},
  Author                   = {Автор},
  Booktitle                = {бук тайтл},
  Year                     = {2012},

  Language                 = {russian}
}

@Article{bib1,
  Title                    = {тайтл},
  Author                   = {Автор1 and Автор2 and Автор and Автор},
  Journal                  = {Журнал},
  Year                     = {2012},
  Pages                    = {100},
  Volume                   = {1},

  Language                 = {russian}
}

@Misc{3,
  Author                   = {АвторЯ},
  HowPublished             = {\url{http://ya.ru}},

  Keywords                 = {123},
  Language                 = {russian},
  Owner                    = {root},
  Timestamp                = {2014.03.25}
}

@InCollection{bib209,
  Title                    = {О структуре научных исследований по комплексной проблеме «Информатика»},
  Author                   = {Колин К.К},
  Booktitle                = {Сб. н. тр. «Социальная информатика»},
  Publisher                = {М.: ВКШ при ЦК ВЛКСМ},
  Year                     = {1990},

  Owner                    = {root},
  Timestamp                = {2014.03.28}
}

@Book{bib201,
  Title                    = {Становление информатики как фундаментальной науки и комплексной 
научной проблемы. Сб. н. тр. //Системы и средства информатики. Спец. вып. 
Научно-методологические проблемы информатики.},
  Author                   = {Колин К.К.},
  Publisher                = {М.: ИПИ РАН},
  Year                     = {2006},

  Owner                    = {root},
  Timestamp                = {2014.03.26}
}

@Article{bib301,
  Title                    = {Будущее информатики в 21 веке: российский ответ на американский вызовБудущее информатики в 21 веке: российский ответ на американский вызов},
  Author                   = {Колин К.К.},
  Journal                  = {Открытое образование},
  Year                     = {2006},
  Number                   = {2(55)},

  Language                 = {russian},
  Owner                    = {root},
  Timestamp                = {2014.03.28}
}

@Book{bib206,
  Title                    = {Информатика как наука об информации. (Наст. сборник).},
  Author                   = {Гиляревский Р.С.},

  Language                 = {russian},
  Owner                    = {root},
  Timestamp                = {2014.03.27}
}

@Book{bib205,
  Title                    = {Инфосфера: информационные структуры, системы и процессы в науке и обществе},
  Author                   = {Арский Ю.М. and Гиляревский Р.С. and Туров И.С. and Черный А.И.},
  Publisher                = {М.: ВИНИТИ},
  Year                     = {1996},

  Language                 = {russian},
  Owner                    = {root},
  Timestamp                = {2014.03.27}
}

@Book{bib208,
  Title                    = {Развитие определений «информатика» и «информационные технологии»},
  Editor                   = {И.А. Мизина},
  Publisher                = {М.: ИПИ АН СССР},
  Year                     = {1991},

  Owner                    = {root},
  Timestamp                = {2014.03.28}
}

@Misc{bib101,
  Title                    = {Информатика как наука},
  HowPublished             = {\url{http://inf1.info/informaticsscience}},
  Month                    = {02},
  Year                     = {2011},

  Language                 = {russian},
  Owner                    = {root},
  Timestamp                = {2014.03.25}
}

@Misc{bib102,
  Title                    = {История развития информатики},
  HowPublished             = {\url{http://inf1.info/informaticshistory}},
  Month                    = {02},
  Year                     = {2011},

  Language                 = {russian},
  Owner                    = {root},
  Timestamp                = {2014.03.25}
}

@Misc{bib103,
  Title                    = {Информация и общественное развитие},
  HowPublished             = {\url{http://goo.gl/I8MhHk}},
  Year                     = {2011},

  Laguage                  = {russian},
  Owner                    = {root},
  Timestamp                = {2014.03.27}
}

@Misc{bib104,
  Title                    = {Информация и общественное развитие - книгопечатание},
  HowPublished             = {\url{http://goo.gl/4MWcOK}},
  Month                    = {05},
  Year                     = {2011},

  Language                 = {russian},
  Owner                    = {root},
  Timestamp                = {2014.03.27}
}

@Book{bib203,
  Title                    = {Большая советская энциклопедия},
  Publisher                = {М.: Советская энциклопедия},
  Year                     = {1972},
  Edition                  = {3},
  Volume                   = {10},

  Language                 = {russian},
  Owner                    = {root},
  Timestamp                = {2014.03.27}
}

